@article{dpmerf,
  author       = {Frederik Harder and
                  Kamil Adamczewski and
                  Mijung Park},
  title        = {Differentially Private Mean Embeddings with Random Features {(DP-MERF)}
                  for Simple {\&} Practical Synthetic Data Generation},
  journal      = {CoRR},
  volume       = {abs/2002.11603},
  year         = {2020},
  url          = {https://arxiv.org/abs/2002.11603},
  eprinttype    = {arXiv},
  eprint       = {2002.11603},
  timestamp    = {Tue, 03 Mar 2020 14:32:13 +0100},
  biburl       = {https://dblp.org/rec/journals/corr/abs-2002-11603.bib},
  bibsource    = {dblp computer science bibliography, https://dblp.org}
}

@misc{hu2023sok,
      title={SoK: Privacy-Preserving Data Synthesis}, 
      author={Yuzheng Hu and Fan Wu and Qinbin Li and Yunhui Long and Gonzalo Munilla Garrido and Chang Ge and Bolin Ding and David Forsyth and Bo Li and Dawn Song},
      year={2023},
      eprint={2307.02106},
      archivePrefix={arXiv},
      primaryClass={cs.CR}
}