@article{greenwade93,
    author  = "George D. Greenwade",
    title   = "The {C}omprehensive {T}ex {A}rchive {N}etwork ({CTAN})",
    year    = "1993",
    journal = "TUGBoat",
    volume  = "14",
    number  = "3",
    pages   = "342--351"
}

@article{groundhog,
  author       = {Theresa Stadler and
                  Bristena Oprisanu and
                  Carmela Troncoso},
  title        = {Synthetic Data - {A} Privacy Mirage},
  journal      = {CoRR},
  volume       = {abs/2011.07018},
  year         = {2020},
  url          = {https://arxiv.org/abs/2011.07018},
  eprinttype    = {arXiv},
  eprint       = {2011.07018},
  timestamp    = {Wed, 18 Nov 2020 16:48:35 +0100},
  biburl       = {https://dblp.org/rec/journals/corr/abs-2011-07018.bib},
  bibsource    = {dblp computer science bibliography, https://dblp.org}
}

@misc{prediger2023collaborative,
      title={Collaborative Learning From Distributed Data With Differentially Private Synthetic Twin Data}, 
      author={Lukas Prediger and Joonas Jälkö and Antti Honkela and Samuel Kaski},
      year={2023},
      eprint={2308.04755},
      archivePrefix={arXiv},
      primaryClass={cs.LG}
}
@ARTICLE{tan2022pfl,

  author={Tan, Alysa Ziying and Yu, Han and Cui, Lizhen and Yang, Qiang},

  journal={IEEE Transactions on Neural Networks and Learning Systems}, 

  title={Towards Personalized Federated Learning}, 

  year={2022},

  volume={},

  number={},

  pages={1-17},

  doi={10.1109/TNNLS.2022.3160699}}

@misc{giomi2022unified,
      title={A Unified Framework for Quantifying Privacy Risk in Synthetic Data}, 
      author={Matteo Giomi and Franziska Boenisch and Christoph Wehmeyer and Borbála Tasnádi},
      year={2022},
      eprint={2211.10459},
      archivePrefix={arXiv},
      primaryClass={cs.CR}
}

@misc{shokri2017membership,
      title={Membership Inference Attacks against Machine Learning Models}, 
      author={Reza Shokri and Marco Stronati and Congzheng Song and Vitaly Shmatikov},
      year={2017},
      eprint={1610.05820},
      archivePrefix={arXiv},
      primaryClass={cs.CR}
}

@inproceedings{NEURIPS2022_39540967,
 author = {Kotelevskii, Nikita and Vono, Maxime and Durmus, Alain and Moulines, Eric},
 booktitle = {Advances in Neural Information Processing Systems},
 editor = {S. Koyejo and S. Mohamed and A. Agarwal and D. Belgrave and K. Cho and A. Oh},
 pages = {8687--8701},
 publisher = {Curran Associates, Inc.},
 title = {FedPop: A Bayesian Approach for Personalised Federated Learning},
 url = {https://proceedings.neurips.cc/paper_files/paper/2022/file/395409679270591fd2a70abc694cf5a1-Paper-Conference.pdf},
 volume = {35},
 year = {2022}
}


@inproceedings{Lin_2020,
	doi = {10.1145/3419394.3423643},
  
	url = {https://doi.org/10.1145%2F3419394.3423643},
  
	year = 2020,
	month = {oct},
  
	publisher = {{ACM}
},
  
	author = {Zinan Lin and Alankar Jain and Chen Wang and Giulia Fanti and Vyas Sekar},
  
	title = {Using {GANs} for Sharing Networked Time Series Data},
  
	booktitle = {Proceedings of the {ACM} Internet Measurement Conference}
}

@inproceedings{NEURIPS2019_c9efe5f2,
 author = {Yoon, Jinsung and Jarrett, Daniel and van der Schaar, Mihaela},
 booktitle = {Advances in Neural Information Processing Systems},
 editor = {H. Wallach and H. Larochelle and A. Beygelzimer and F. d\textquotesingle Alch\'{e}-Buc and E. Fox and R. Garnett},
 pages = {},
 publisher = {Curran Associates, Inc.},
 title = {Time-series Generative Adversarial Networks},
 url = {https://proceedings.neurips.cc/paper_files/paper/2019/file/c9efe5f26cd17ba6216bbe2a7d26d490-Paper.pdf},
 volume = {32},
 year = {2019}
}

@misc{hu2023sok,
      title={SoK: Privacy-Preserving Data Synthesis}, 
      author={Yuzheng Hu and Fan Wu and Qinbin Li and Yunhui Long and Gonzalo Munilla Garrido and Chang Ge and Bolin Ding and David Forsyth and Bo Li and Dawn Song},
      year={2023},
      eprint={2307.02106},
      archivePrefix={arXiv},
      primaryClass={cs.CR}
}

@inproceedings{pei2021towards,
  title={Towards Generating Real-World Time Series Data},
  author={Hengzhi Pei and Kan Ren and Yuqing Yang and Chang Liu and Tao Qin and and Dongsheng Li},
  booktitle={Proceedings of the 2021 IEEE International Conference on Data Mining (ICDM), Auckland, New Zealand},
  year={2021}
}

@misc{ang2023tsgbench,
      title={TSGBench: Time Series Generation Benchmark}, 
      author={Yihao Ang and Qiang Huang and Yifan Bao and Anthony K. H. Tung and Zhiyong Huang},
      year={2023},
      eprint={2309.03755},
      archivePrefix={arXiv},
      primaryClass={cs.LG}
}